@misc{facebookdrone,
  howpublished = "\url{https://web.archive.org/web/20161122034557/https://fbcdn-dragon-a.akamaihd.net/hphotos-ak-ash3/t39.2365-6/851574_611544752265540_1262758947_n.pdf}"
}

@misc{us_airspace,
  howpublished = "\url{https://en.wikipedia.org/wiki/Airspace_class_(United_States)}"
}

@misc{google_balloon_x,
  author = {Steven Levy},
  title = {{How Google Will Use High-Flying Balloons to Deliver Internet to the Hinterlands}},
  howpublished = "\url{https://www.wired.com/2013/06/google_internet_balloons/all/google.com/loon}",
  year = {2015}
}

@misc{google_balloon_brazil,
  author = {Nick Summers},
  title = {{Google celebrates Project Loon's birthday with first LTE experiments and launch near the equator}},
  howpublished = "\url{https://thenextweb.com/google/2014/06/16/google-celebrates-project-loons-birthday-first-lte-experiments-launch-near-equator/#.tnw_3owFMymS}",
  year = {2014} 
}

@misc{google_balloon_france,
  author = {Amy Svitak},
  title = {{Google, France Partner On Balloon-Powered Internet}},
  howpublished = "\url{http://aviationweek.com/space/google-france-partner-balloon-powered-internet}",
  year = {2014} 
}

@misc{google_balloon_record,
  howpublished = "\url{https://plus.google.com/+ProjectLoon/posts/2vGeQAXF4Qo}",
}

@misc{google_balloon_srilanka,
  author = {Anthony Cuthbertson},
  title = {{Google Project Loon to provide free internet across Sri Lanka}},
  howpublished = "\url{http://www.ibtimes.co.uk/google-project-loon-provide-free-wifi-across-sri-lanka-1513136}",
  year = {2015} 
}

@misc{google_balloon_indonesia,
  howpublished = "\url{https://www.eyerys.com/articles/news/google-loon-indonesia-large-ambition-deliver-internet-connectivity}"
}

@misc{google_balloon_autolauncher,
  author = {Steve Dent},
  title = {{Project Loon shows off autolauncher at work in Puerto Rico}},
  howpublished = "\url{https://www.engadget.com/2016/02/26/project-loon-autolauncher-peurto-rico/}",
  year = {2016} 
}

@misc{drone_zuckerberg,
  author = {Mark Zuckerberg},
  title = {{The technology behind Aquila}},
  howpublished = "\url{https://www.facebook.com/notes/mark-zuckerberg/the-technology-behind-aquila/10153916136506634/}",
  year = {2016} 
}

@misc{drone_test_flights,
  author = {Casey Newton},
  title = {{Facebook Takes Flight}},
  howpublished = "\url{http://www.theverge.com/a/mark-zuckerberg-future-of-facebook/aquila-drone-internet}",
  year = {2016} 
}

@misc{drone_failure,
  author = {Chris Mills},
  title = {{Facebook?s internet drone had a major problem during its first flight}},
  howpublished = "\url{http://bgr.com/2016/11/22/facebook-drone-project-aquila-crash/}",
  year = {2016} 
}

@misc{balloon_crash,
  author = {Ashley Collman},
  title = {{Google broadband balloon crashes in the front yard of a home in sleepy Los Angeles suburb}},
  howpublished = "\url{http://www.dailymail.co.uk/news/article-3234459/Google-Loon-balloon-crashes-yard-home-sleepy-Los-Angeles-suburb.html}",
  year = {2015} 
}

@misc{balloon_ban,
  author = {Madhumita Murgia},
  title = {{Google's Project Loon balloons may face ban in India}},
  howpublished = "\url{http://www.telegraph.co.uk/technology/google/12051080/Googles-Project-Loon-balloons-may-face-ban-in-India.html}",
  year = {2015} 
}

@misc{internetorg_ban,
  author = {Jessi Hempel},
  title = {{India bans Facebook's Basics App to support Net Neutrality}},
  howpublished = "\url{https://www.wired.com/2016/02/facebooks-free-basics-app-is-now-banned-in-india/}",
  year = {2016} 
}


